<?xml version="1.0" encoding="UTF-8"?><collection xmlns="http://www.loc.gov/MARC21/slim"><record><leader>00443nam--2200133-i-4500</leader><controlfield tag="001">000048027</controlfield><controlfield tag="002">20161230</controlfield><controlfield tag="005">20161230201046</controlfield><controlfield tag="008">060222s1000------------r-----000-0-eng-d</controlfield><datafield ind1=" " ind2=" " tag="080"><subfield code="a">015:669.822</subfield></datafield><datafield ind1=" " ind2=" " tag="100"><subfield code="a">Khan, Tasadduq</subfield></datafield><datafield ind1=" " ind2=" " tag="245"><subfield code="a">Comportement mecanique des alliages umo1,1 al0,05 sn0,05 et sicral f1 (uranium ajuste) entre 20 et 600 c. /these</subfield></datafield><datafield ind1=" " ind2=" " tag="260"><subfield code="a">Paris, La Faculte Des Sciences De L`Universite De Paris, 1971, 118p</subfield></datafield><datafield ind1=" " ind2=" " tag="852"><subfield code="a">38221</subfield></datafield></record></collection>